@misc{softether_official,
    title = {SoftEther VPN Project},
    author = {{SoftEther VPN Project}},
    howpublished = {\url{https://www.softether.org/}},
    note = {Accessed: 2024-12-18}
}

@misc{softether_github,
    title = {SoftEther VPN - Open Source Multi-Protocol VPN Software},
    author = {{SoftEther VPN Project}},
    howpublished = {\url{https://github.com/SoftEtherVPN/SoftEtherVPN}},
    note = {Accessed: 2024-12-18}
}

@misc{softether_manual,
    title = {SoftEther VPN Manual},
    author = {{SoftEther VPN Project}},
    howpublished = {\url{https://www.softether.org/4-docs}},
    note = {Accessed: 2024-12-18}
}

@misc{strongswan_official,
    title = {strongSwan VPN},
    author = {{strongSwan Project}},
    howpublished = {\url{https://www.strongswan.org/}},
    note = {Accessed: 2024-12-18}
}

@misc{strongswan_docs,
    title = {strongSwan Documentation},
    author = {{strongSwan Project}},
    howpublished = {\url{https://docs.strongswan.org/}},
    note = {Accessed: 2024-12-18}
}

@misc{openvpn_official,
    title = {OpenVPN Community},
    author = {{OpenVPN Inc.}},
    howpublished = {\url{https://openvpn.net/community/}},
    note = {Accessed: 2024-12-18}
}

@misc{openvpn_howto,
    title = {OpenVPN 2.4 Manual},
    author = {{OpenVPN Inc.}},
    howpublished = {\url{https://openvpn.net/community-resources/how-to/}},
    note = {Accessed: 2024-12-18}
}

@misc{gns3_official,
    title = {GNS3 Network Simulator},
    author = {{GNS3 Technologies Inc.}},
    howpublished = {\url{https://www.gns3.com/}},
    note = {Accessed: 2024-12-18}
}

@misc{gns3_docs,
    title = {GNS3 Documentation},
    author = {{GNS3 Technologies Inc.}},
    howpublished = {\url{https://docs.gns3.com/}},
    note = {Accessed: 2024-12-18}
}

@misc{gns3_academy,
    title = {GNS3 Academy - Network Simulation Education},
    author = {{GNS3 Technologies Inc.}},
    howpublished = {\url{https://gns3.com/academy}},
    note = {Accessed: 2024-12-18}
}

@misc{docker_official,
    title = {Docker Platform},
    author = {{Docker Inc.}},
    howpublished = {\url{https://www.docker.com/}},
    note = {Accessed: 2024-12-18}
}

@misc{wireshark_official,
    title = {Wireshark Network Protocol Analyzer},
    author = {{Wireshark Foundation}},
    howpublished = {\url{https://www.wireshark.org/}},
    note = {Accessed: 2024-12-18}
}

@misc{rfc4301,
    author = {S. Kent and K. Seo},
    title = {Security Architecture for the Internet Protocol},
    howpublished = {RFC 4301},
    year = {2005},
    month = {December},
    publisher = {Internet Engineering Task Force},
    url = {https://tools.ietf.org/html/rfc4301}
}

@misc{rfc8446,
    author = {E. Rescorla},
    title = {The Transport Layer Security (TLS) Protocol Version 1.3},
    howpublished = {RFC 8446},
    year = {2018},
    month = {August},
    publisher = {Internet Engineering Task Force},
    url = {https://tools.ietf.org/html/rfc8446}
}

@misc{rfc2784,
    author = {D. Farinacci and T. Li and S. Hanks and D. Meyer and P. Traina},
    title = {Generic Routing Encapsulation (GRE)},
    howpublished = {RFC 2784},
    year = {2000},
    month = {March},
    publisher = {Internet Engineering Task Force},
    url = {https://tools.ietf.org/html/rfc2784}
}

@misc{rfc3948,
    author = {A. Huttunen and B. Swander and V. Volpe and L. DiBurro and M. Stenberg},
    title = {UDP Encapsulation of IPsec ESP Packets},
    howpublished = {RFC 3948},
    year = {2005},
    month = {January},
    publisher = {Internet Engineering Task Force},
    url = {https://tools.ietf.org/html/rfc3948}
}

@misc{rfc5737,
    author = {J. Arkko and M. Cotton and L. Vegoda},
    title = {IPv4 Address Blocks Reserved for Documentation},
    howpublished = {RFC 5737},
    year = {2010},
    month = {January},
    publisher = {Internet Engineering Task Force},
    url = {https://tools.ietf.org/html/rfc5737}
}

@misc{rfc1918,
    author = {Y. Rekhter and B. Moskowitz and D. Karrenberg and G. J. de Groot and E. Lear},
    title = {Address Allocation for Private Internets},
    howpublished = {RFC 1918},
    year = {1996},
    month = {February},
    publisher = {Internet Engineering Task Force},
    url = {https://tools.ietf.org/html/rfc1918}
}

@misc{cisco_ios,
    title = {Cisco IOS Software},
    author = {{Cisco Systems}},
    howpublished = {\url{https://www.cisco.com/c/en/us/products/ios-nx-os-software/ios-software/index.html}},
    note = {Accessed: 2024-12-18}
}


@misc{ubuntu_docker,
    title = {Ubuntu Official Docker Images},
    author = {{Canonical Ltd.}},
    howpublished = {\url{https://hub.docker.com/_/ubuntu}},
    note = {Accessed: 2024-12-18}
}

@misc{siomiz_softether,
    title = {SoftEther VPN Docker Image},
    author = {siomiz},
    howpublished = {\url{https://hub.docker.com/r/siomiz/softethervpn}},
    note = {Accessed: 2024-12-18}
}

@book{stevens_tcpip,
    author = {W. Richard Stevens and Kevin R. Fall},
    title = {TCP/IP Illustrated, Volume 1: The Protocols},
    publisher = {Addison-Wesley Professional},
    year = {2011},
    edition = {2nd},
    isbn = {978-0321336316}
}

@book{kaufman_ipsec,
    author = {Charlie Kaufman and Radia Perlman and Mike Speciner},
    title = {Network Security: Private Communication in a Public World},
    publisher = {Prentice Hall},
    year = {2002},
    edition = {2nd},
    isbn = {978-0130460196}
}

@article{doraswamy_ipsec,
    author = {Naganand Doraswamy and Dan Harkins},
    title = {IPSec: The New Security Standard for the Internet, Intranets, and Virtual Private Networks},
    journal = {Prentice Hall PTR},
    year = {2003},
    isbn = {978-0130461896}
}

@misc{ietf_vpn,
    title = {Virtual Private Networks (VPN) Working Group},
    author = {{Internet Engineering Task Force}},
    howpublished = {\url{https://datatracker.ietf.org/wg/vpn/about/}},
    note = {Accessed: 2024-12-18}
}

@misc{politecnico_torino,
    title = {Politecnico di Torino},
    author = {{Politecnico di Torino}},
    howpublished = {\url{https://www.polito.it/}},
    note = {Accessed: 2024-12-18}
}

@misc{linux_netfilter,
    title = {Linux netfilter/iptables Project},
    author = {{The Netfilter Core Team}},
    howpublished = {\url{https://www.netfilter.org/}},
    note = {Accessed: 2024-12-18}
}

@misc{openssl_project,
    title = {OpenSSL Cryptography and SSL/TLS Toolkit},
    author = {{The OpenSSL Project}},
    howpublished = {\url{https://www.openssl.org/}},
    note = {Accessed: 2024-12-18}
}

@misc{nist_vpn_guide,
    title = {Guide to IPSec VPNs},
    author = {{National Institute of Standards and Technology}},
    howpublished = {\url{https://csrc.nist.gov/publications/detail/sp/800-77/final}},
    note = {Special Publication 800-77, Accessed: 2024-12-18}
}

@book{ferguson_ipsec,
    author = {Niels Ferguson and Bruce Schneier},
    title = {A Cryptographic Evaluation of IPsec},
    publisher = {Counterpane Internet Security},
    year = {1999}
}

@misc{rsa_pkcs,
    title = {PKCS Standards},
    author = {{RSA Laboratories}},
    howpublished = {\url{https://www.rsa.com/en-us/company/standards}},
    note = {Accessed: 2024-12-18}
}

@misc{creative_commons,
    title = {Creative Commons Licenses},
    author = {{Creative Commons}},
    howpublished = {\url{https://creativecommons.org/licenses/}},
    note = {Accessed: 2024-12-18}
}

@inproceedings{nobori_softether,
    author = {Daiyuu Nobori and Yasushi Shinjo},
    title = {VPN Gate: A Volunteer-Organized Public VPN Relay System with Blocking Resistance for Bypassing Government Censorship Firewalls},
    booktitle = {12th USENIX Symposium on Networked Systems Design and Implementation (NSDI 15)},
    year = {2015},
    pages = {229--241},
    publisher = {USENIX Association}
}

@techreport{ietf_ipsec_roadmap,
    author = {S. Frankel and S. Krishnan},
    title = {IP Security (IPsec) and Internet Key Exchange (IKE) Document Roadmap},
    institution = {Internet Engineering Task Force},
    type = {RFC},
    number = {6071},
    year = {2010},
    month = {December}
}

@article{vpn_security_analysis,
    author = {Lucantonio Ghiglione and Emmanuele Zambon},
    title = {Analysis of OpenVPN vulnerabilities and development of a new SSL VPN application},
    journal = {Computer Communications},
    volume = {34},
    number = {8},
    pages = {983--992},
    year = {2011},
    publisher = {Elsevier}
}

@misc{docker_networking,
    title = {Docker Networking Overview},
    author = {{Docker Inc.}},
    howpublished = {\url{https://docs.docker.com/network/}},
    note = {Accessed: 2024-12-18}
}
